<record><leader>00000cas a22000007a 4500</leader><controlfield tag="001">10448124</controlfield><controlfield tag="008">840223d18681892ohuwr ne      0    0eng d</controlfield><datafield ind1=" " ind2=" " tag="010"><subfield code="a">sn 84028139 </subfield></datafield><datafield ind1=" " ind2=" " tag="040"><subfield code="a">NPY</subfield><subfield code="b">eng</subfield><subfield code="c">NPY</subfield><subfield code="d">NPX</subfield><subfield code="d">NPU</subfield><subfield code="d">ONP</subfield><subfield code="d">OCLCQ</subfield></datafield><datafield ind1=" " ind2=" " tag="042"><subfield code="a">msc</subfield></datafield><datafield ind1="0" ind2=" " tag="130"><subfield code="a">Akron city times (Akron, Ohio : 1868)</subfield></datafield><datafield ind1="1" ind2="0" tag="245"><subfield code="a">Akron city times.</subfield></datafield><datafield ind1=" " ind2=" " tag="260"><subfield code="a">Akron, Ohio :</subfield><subfield code="b">G.G. Crane &amp; Co.,</subfield><subfield code="c">-1892.</subfield></datafield><datafield ind1=" " ind2=" " tag="300"><subfield code="a">v. :</subfield><subfield code="b">ill. ;</subfield><subfield code="c">66-74 cm.</subfield></datafield><datafield ind1=" " ind2=" " tag="310"><subfield code="a">Weekly</subfield></datafield><datafield ind1="1" ind2=" " tag="362"><subfield code="a">Began in Jan. 1868.</subfield><subfield code="z">Cf. Gutgesell, S. Guide to Ohio newspapers, 1974.</subfield></datafield><datafield ind1="0" ind2=" " tag="362"><subfield code="a">-v. 25, no. 49 (Dec. 7, 1892).</subfield></datafield><datafield ind1=" " ind2=" " tag="500"><subfield code="a">Editors: Sebastian L. Everett, 1870-1875; E.B. Eshelman, 1883-1885.</subfield></datafield><datafield ind1=" " ind2=" " tag="500"><subfield code="a">Publisher: R.H. Knight, 1875-1883.</subfield></datafield><datafield ind1=" " ind2=" " tag="500"><subfield code="a">Democratic. Cf. Gutgesell, S. Guide to Ohio newspapers, 1974.</subfield></datafield><datafield ind1=" " ind2=" " tag="580"><subfield code="a">Triweekly ed.: Akron tri-weekly times, 1884.</subfield></datafield><datafield ind1=" " ind2=" " tag="588"><subfield code="a">Description based on: Vol. 2, no. 1 (Jan. 27, 1869).</subfield></datafield><datafield ind1="1" ind2=" " tag="700"><subfield code="a">Everett, Sebastian L.</subfield></datafield><datafield ind1="1" ind2=" " tag="700"><subfield code="a">Eshelman, E. B.</subfield></datafield><datafield ind1=" " ind2=" " tag="752"><subfield code="a">United States</subfield><subfield code="b">Ohio</subfield><subfield code="c">Summit</subfield><subfield code="d">Akron.</subfield></datafield><datafield ind1="1" ind2=" " tag="775"><subfield code="t">Akron tri-weekly times</subfield><subfield code="w">(DLC)sn 88078441</subfield></datafield><datafield ind1="0" ind2="0" tag="785"><subfield code="t">Summit County Democrat and Akron City times</subfield><subfield code="w">(DLC)sn 88078432</subfield></datafield></record>